@misc(SGBD, key="SGBD",
    title="{SGBDs}",
    howpublished="\url{http://www.utomde.com/asigna/sgbd/MisResumenes.pdf}")

@misc(arquitecturas, key="arquitecturas",
    title="{Arquitecturas de los Sistemas de Bases de Datos}",
    howpublished="\url{http://www.google.es/url?sa=t&source=web&ct=res&cd=22&ved=0CBsQFjABOBQ&url=http%3A%2F%2Fantares.itmorelia.edu.mx%2F~antolino%2FCurso_Tit2006%2FCurso_Tit_BDD_ArqIII.ppt&ei=IabmS5uCJ43w0gSH-anHBg&usg=AFQjCNE72YlYk9p8WcdPEwBKxR5G0KH9JA&sig2=fIcs-fl0XKhQ2cEk9VFs_A}")

@misc(disciplina, key="disciplina",
    title="{La Disciplina de los Sistemas de Bases de Datos.
Historia, Situación Actual y Perspectivas.}",
    howpublished="\url{http://users.dsic.upv.es/~jorallo/docent/BDA/DisciplinaBD.pdf}")
   
   
@misc(grid, key="grid",
    title="{Uso de bases de datos en GRID}",
    howpublished="\url{http://ccoello.ucsur.tripod.com/docs/TEO2_II2.pdf}")
     
@misc(gridAccess, key="gridAccess",
    title="{Grid Database Access and Integration: Requirements and Functionalities}",
    howpublished="\url{http://www.ogf.org/documents/GFD.13.pdf}")
     
    
@misc(gridDatabase, key="gridDatabase",
    title="{Grid database management: issues, requirements and future directions}",
    howpublished="\url{http://www.scs-europe.net/conf/ecms2008/ecms2008%20CD/hpcs2008%20pdf/hpcs08-DBMS-Fiore.pdf}")
     
    
    
    
    
   
   
