@misc(preg1, key="",
    title="{Bases de Datos Distribuidas}",
    howpublished="\url{http://es.wikipedia.org/wiki/Bases_de_datos_distribuidas#Componentes}")

@misc(preg2, key="preg2",
    title="{Arquitecturas de los Sistemas de Bases de Datos}",
    howpublished="\url{http://personales.unican.es/zorrillm/Dise\%C3\%B1oAdmonBD/temas/Bases\%20de\%20datos\%20distribuidas.pdf}")


@misc(preg3, key="preg3",
    title="{Distributed Database Security}",
    howpublished="\url{http://www.bilmuh.gyte.edu.tr/~ispinar/BIL673/DDbsecurity.pdf}")


@misc(preg4, key="preg4",
    title="{Sistemas de Bases de Datos Distribuidas}",
    howpublished="\url{http://www.google.es/url?sa=t&source=web&ct=res&cd=2&ved=0CA4QFjAB&url=http\%3A\%2F\%2Fdocente.ucol.mx\%2Fvpc1052\%2Fpublic_html\%2FExpo\%2520SBDD.doc&ei=Y-TeS87mOIXE8wSZ0aiuBw&usg=AFQjCNEY2_3Ze0BZU5kC7Oot30feGWSCfA&sig2=Gd16KpZYiUl-0PWnENoCsA}")


