@misc(servicios-web, key="servicios-web",
    title="{Guía Breve de Servicios Web}",
    howpublished="\url{http://www.w3c.es/divulgacion/guiasbreves/ServiciosWeb}")
    
@misc(semi-estructurado, key="semi-estructurado",
    title="{Modelo semi-estructurado y XML}",
    howpublished="\url{http://www.ldc.usb.ve/~ruckhaus/materias/ci7453/clase3.pdf}")
 
@misc(lore, key="lore",
    title="{Página Web oficial de LORE}",
    howpublished="\url{http://infolab.stanford.edu/lore/}")   


@article {oem, key="oem",
   author =	 "{Roy Goldman, Sudarshan Chawathe, Arturo Crespo, Jason McHugh}",
   title = 	 "{A Standard Textual Interchange Format for the Object Exchange Model (OEM)}",
   biburl = "\url{http://infolab.stanford.edu/~mchughj/oemsyntax/oemsyntax.html}"}
}
 
@misc(xml, key="xml",
    title="{Extensible Markup Language (XML)}",
    howpublished="\url{http://www.w3.org/XML/}") 

@book {libro-dedales, key="libro-dedales",
   author =	 "Thomas M. Connolly, Carolyn E. Begg",
   title = 	 "Sistemas de bases de datos. Un enfoque práctico para diseño, implementación y gestión",
   publisher = "`Pearson. Addison Wesley"',
   year = 2005
 }
 
@book {piattini, key="piattini",
   author =	 "Mario Piattini, Oscar Díaz",
   title = 	 "Advanced Database Technology and Design",
   publisher = "`Artech House"',
   year = "`2000"'
 }
 
@misc(rae-multimedia, key="rae-multimedia",
    title="{Definición de {M}ultimedia}",
    howpublished="\url{http://buscon.rae.es/draeI/SrvltGUIBusUsual?TIPO_HTML=2&TIPO_BUS=3&LEMA=multimedia}")  